%YAML 1.1
%TAG !u! tag:unity3d.com,2011:
--- !u!1 &139026
GameObject:
  m_ObjectHideFlags: 0
  m_PrefabParentObject: {fileID: 0}
  m_PrefabInternal: {fileID: 100100000}
  serializedVersion: 4
  m_Component:
  - 4: {fileID: 459982}
  - 33: {fileID: 3383490}
  - 23: {fileID: 2369290}
  m_Layer: 0
  m_Name: car
  m_TagString: Untagged
  m_Icon: {fileID: 0}
  m_NavMeshLayer: 0
  m_StaticEditorFlags: 0
  m_IsActive: 1
--- !u!1 &174292
GameObject:
  m_ObjectHideFlags: 0
  m_PrefabParentObject: {fileID: 0}
  m_PrefabInternal: {fileID: 100100000}
  serializedVersion: 4
  m_Component:
  - 4: {fileID: 440896}
  - 33: {fileID: 3310420}
  - 23: {fileID: 2325280}
  m_Layer: 0
  m_Name: car
  m_TagString: Untagged
  m_Icon: {fileID: 0}
  m_NavMeshLayer: 0
  m_StaticEditorFlags: 0
  m_IsActive: 1
--- !u!1 &192032
GameObject:
  m_ObjectHideFlags: 0
  m_PrefabParentObject: {fileID: 0}
  m_PrefabInternal: {fileID: 100100000}
  serializedVersion: 4
  m_Component:
  - 4: {fileID: 429866}
  - 50: {fileID: 5055426}
  - 61: {fileID: 6195218}
  - 114: {fileID: 11424008}
  - 114: {fileID: 11490508}
  m_Layer: 0
  m_Name: NPC Car
  m_TagString: Untagged
  m_Icon: {fileID: 0}
  m_NavMeshLayer: 0
  m_StaticEditorFlags: 0
  m_IsActive: 1
--- !u!4 &429866
Transform:
  m_ObjectHideFlags: 1
  m_PrefabParentObject: {fileID: 0}
  m_PrefabInternal: {fileID: 100100000}
  m_GameObject: {fileID: 192032}
  m_LocalRotation: {x: 0, y: 0, z: 0, w: 1}
  m_LocalPosition: {x: 8.11, y: 5.25, z: 0}
  m_LocalScale: {x: 1, y: 1, z: 1}
  m_LocalEulerAnglesHint: {x: 0, y: 0, z: 0}
  m_Children:
  - {fileID: 459982}
  - {fileID: 440896}
  m_Father: {fileID: 0}
  m_RootOrder: 0
--- !u!4 &440896
Transform:
  m_ObjectHideFlags: 1
  m_PrefabParentObject: {fileID: 0}
  m_PrefabInternal: {fileID: 100100000}
  m_GameObject: {fileID: 174292}
  m_LocalRotation: {x: -0.7071068, y: 0.7071067, z: 0.000000115202326, w: -0.00000011520231}
  m_LocalPosition: {x: 0, y: 0, z: -0.814}
  m_LocalScale: {x: 0.2, y: 0.2, z: 0.2}
  m_LocalEulerAnglesHint: {x: 0, y: 180, z: -90}
  m_Children: []
  m_Father: {fileID: 429866}
  m_RootOrder: 1
--- !u!4 &459982
Transform:
  m_ObjectHideFlags: 1
  m_PrefabParentObject: {fileID: 0}
  m_PrefabInternal: {fileID: 100100000}
  m_GameObject: {fileID: 139026}
  m_LocalRotation: {x: -0.7071068, y: 0.7071067, z: 0.000000115202326, w: -0.00000011520231}
  m_LocalPosition: {x: 0, y: 0, z: -0.814}
  m_LocalScale: {x: 0.2, y: 0.2, z: 0.2}
  m_LocalEulerAnglesHint: {x: 0, y: 180, z: -90}
  m_Children: []
  m_Father: {fileID: 429866}
  m_RootOrder: 0
--- !u!23 &2325280
MeshRenderer:
  m_ObjectHideFlags: 1
  m_PrefabParentObject: {fileID: 0}
  m_PrefabInternal: {fileID: 100100000}
  m_GameObject: {fileID: 174292}
  m_Enabled: 1
  m_CastShadows: 1
  m_ReceiveShadows: 1
  m_Materials:
  - {fileID: 2100000, guid: 505cbfd1422685d4db179806f466f9a7, type: 2}
  - {fileID: 2100000, guid: af46ff71c202ab84a94fe6ccb5d6f8f0, type: 2}
  - {fileID: 2100000, guid: ed29367ae3e5a0343a8d7a7524e17308, type: 2}
  - {fileID: 2100000, guid: 1f9b363ce6cf66d4d80bf4750ca34cc8, type: 2}
  - {fileID: 2100000, guid: 73ff05d893da07b41ae39192e77f020e, type: 2}
  - {fileID: 2100000, guid: 35f7f37ab42af7b46a33c928cd53409b, type: 2}
  m_SubsetIndices: 
  m_StaticBatchRoot: {fileID: 0}
  m_UseLightProbes: 1
  m_ReflectionProbeUsage: 1
  m_ProbeAnchor: {fileID: 0}
  m_ScaleInLightmap: 1
  m_PreserveUVs: 0
  m_IgnoreNormalsForChartDetection: 0
  m_ImportantGI: 0
  m_MinimumChartSize: 4
  m_AutoUVMaxDistance: 0.5
  m_AutoUVMaxAngle: 89
  m_LightmapParameters: {fileID: 0}
  m_SortingLayerID: 0
  m_SortingOrder: 0
--- !u!23 &2369290
MeshRenderer:
  m_ObjectHideFlags: 1
  m_PrefabParentObject: {fileID: 0}
  m_PrefabInternal: {fileID: 100100000}
  m_GameObject: {fileID: 139026}
  m_Enabled: 1
  m_CastShadows: 1
  m_ReceiveShadows: 1
  m_Materials:
  - {fileID: 2100000, guid: 505cbfd1422685d4db179806f466f9a7, type: 2}
  - {fileID: 2100000, guid: af46ff71c202ab84a94fe6ccb5d6f8f0, type: 2}
  - {fileID: 2100000, guid: ed29367ae3e5a0343a8d7a7524e17308, type: 2}
  - {fileID: 2100000, guid: 1f9b363ce6cf66d4d80bf4750ca34cc8, type: 2}
  - {fileID: 2100000, guid: 73ff05d893da07b41ae39192e77f020e, type: 2}
  - {fileID: 2100000, guid: 35f7f37ab42af7b46a33c928cd53409b, type: 2}
  m_SubsetIndices: 
  m_StaticBatchRoot: {fileID: 0}
  m_UseLightProbes: 1
  m_ReflectionProbeUsage: 1
  m_ProbeAnchor: {fileID: 0}
  m_ScaleInLightmap: 1
  m_PreserveUVs: 0
  m_IgnoreNormalsForChartDetection: 0
  m_ImportantGI: 0
  m_MinimumChartSize: 4
  m_AutoUVMaxDistance: 0.5
  m_AutoUVMaxAngle: 89
  m_LightmapParameters: {fileID: 0}
  m_SortingLayerID: 0
  m_SortingOrder: 0
--- !u!33 &3310420
MeshFilter:
  m_ObjectHideFlags: 1
  m_PrefabParentObject: {fileID: 0}
  m_PrefabInternal: {fileID: 100100000}
  m_GameObject: {fileID: 174292}
  m_Mesh: {fileID: 4300000, guid: cf10cc5962476ce4aaabd918ed25ffbe, type: 3}
--- !u!33 &3383490
MeshFilter:
  m_ObjectHideFlags: 1
  m_PrefabParentObject: {fileID: 0}
  m_PrefabInternal: {fileID: 100100000}
  m_GameObject: {fileID: 139026}
  m_Mesh: {fileID: 4300000, guid: cf10cc5962476ce4aaabd918ed25ffbe, type: 3}
--- !u!50 &5055426
Rigidbody2D:
  serializedVersion: 2
  m_ObjectHideFlags: 1
  m_PrefabParentObject: {fileID: 0}
  m_PrefabInternal: {fileID: 100100000}
  m_GameObject: {fileID: 192032}
  m_UseAutoMass: 0
  m_Mass: 1
  m_LinearDrag: 1
  m_AngularDrag: 10
  m_GravityScale: 0
  m_IsKinematic: 0
  m_Interpolate: 0
  m_SleepingMode: 1
  m_CollisionDetection: 0
  m_Constraints: 0
--- !u!61 &6195218
BoxCollider2D:
  m_ObjectHideFlags: 1
  m_PrefabParentObject: {fileID: 0}
  m_PrefabInternal: {fileID: 100100000}
  m_GameObject: {fileID: 192032}
  m_Enabled: 1
  m_Density: 1
  m_Material: {fileID: 0}
  m_IsTrigger: 0
  m_UsedByEffector: 0
  m_Offset: {x: 0, y: 0.3038559}
  serializedVersion: 2
  m_Size: {x: 1, y: 1.6077118}
--- !u!114 &11424008
MonoBehaviour:
  m_ObjectHideFlags: 1
  m_PrefabParentObject: {fileID: 0}
  m_PrefabInternal: {fileID: 100100000}
  m_GameObject: {fileID: 192032}
  m_Enabled: 1
  m_EditorHideFlags: 0
  m_Script: {fileID: 11500000, guid: 8e9987d8f760e714fb5dfe3258c435fa, type: 3}
  m_Name: 
  m_EditorClassIdentifier: 
  tag: Player
  notTriggers: 0
--- !u!114 &11490508
MonoBehaviour:
  m_ObjectHideFlags: 1
  m_PrefabParentObject: {fileID: 0}
  m_PrefabInternal: {fileID: 100100000}
  m_GameObject: {fileID: 192032}
  m_Enabled: 1
  m_EditorHideFlags: 0
  m_Script: {fileID: 11500000, guid: ce6017543f6b49345bf4b5bcc351953b, type: 3}
  m_Name: 
  m_EditorClassIdentifier: 
  tag: Player
  ObjectToCreate: {fileID: 190596, guid: c5018e4f9b90e374b8806a7b9be0efd7, type: 2}
  targetTransform: {fileID: 0}
  notTriggers: 0
--- !u!1001 &100100000
Prefab:
  m_ObjectHideFlags: 1
  serializedVersion: 2
  m_Modification:
    m_TransformParent: {fileID: 0}
    m_Modifications: []
    m_RemovedComponents: []
  m_ParentPrefab: {fileID: 0}
  m_RootGameObject: {fileID: 192032}
  m_IsPrefabParent: 1
